@article{lamport78,
  author    = {Leslie Lamport},
  title     = {Time, Clocks, and the Ordering of Events in a Distributed
               System},
  journal   = {Commun. ACM},
  volume    = {21},
  number    = {7},
  year      = {1978},
  pages     = {558-565},
  bibsource = {DBLP, http://dblp.uni-trier.de}
}

@book{tanenbaum,
  author = {Tanenbaum, Andrew},
  title = {Computer Networks},
  year = {2002},
  isbn = {0130661023},
  publisher = {Prentice Hall Professional Technical Reference},
}

@misc{wiki:classip,
title = {Classful Network - Wikipedia},
howpublished = "\url{http://en.wikipedia.org/wiki/Classful_network} (21/03/2010)",
}